@Inbook{kyprianou,
title="General Storage Models and Paths of Bounded Variation",
bookTitle="Introductory Lectures on Fluctuations of L{\'e}vy Processes with Applications",
year="2006",
publisher="Springer Berlin Heidelberg",
address="Berlin, Heidelberg",
pages="87--109",
isbn="978-3-540-31343-4",
doi="10.1007/978-3-540-31343-4_4",
url="https://doi.org/10.1007/978-3-540-31343-4_4"
}

@Inbook{liptser,
author="Liptser, R. Sh.
and Shiryaev, A. N.",
title="Stochastic Calculus on Filtered Probability Spaces",
bookTitle="Probability Theory III: Stochastic Calculus",
year="1998",
publisher="Springer Berlin Heidelberg",
address="Berlin, Heidelberg",
pages="111--157",
isbn="978-3-662-03640-2",
doi="10.1007/978-3-662-03640-2_3",
url="https://doi.org/10.1007/978-3-662-03640-2_3"
}

@Inbook{andersen,
author="Andersen, Lars N{\o}rvang
and Asmussen, S{\o}ren
and Glynn, Peter W.
and Pihlsg{\aa}rd, Mats",
title="L{\'e}vy Processes with Two-Sided Reflection",
bookTitle="L{\'e}vy Matters V: Functionals of L{\'e}vy Processes",
year="2015",
publisher="Springer International Publishing",
address="Cham",
pages="67--182",
isbn="978-3-319-23138-9",
doi="10.1007/978-3-319-23138-9_2",
url="https://doi.org/10.1007/978-3-319-23138-9_2"
}

@Inbook{revuz,
author="Revuz, Daniel
and Yor, Marc",
title="Martingales",
bookTitle="Continuous Martingales and Brownian Motion",
year="1999",
publisher="Springer Berlin Heidelberg",
address="Berlin, Heidelberg",
pages="51--77",
isbn="978-3-662-06400-9",
doi="10.1007/978-3-662-06400-9_3",
url="https://doi.org/10.1007/978-3-662-06400-9_3"
}
